%
%  An example of a bibliographical database for bibTeX
%
%  Recommended software for maintenance of *.bib files:
%    JabRef, http://jabref.sourceforge.net/
%
%  BEWARE:
%
%    *  If a name contains a capital letter, which must be kept such,
%       use curly brackets ({T}hailand, {HIV}).
%
%  ===========================================================================

@MISC{MixedModeProfilers,
	title = {{Java Mixed-Mode Flame Graphs} at Netflix, JavaOne 2015},
	howpublished = {\url{http://www.brendangregg.com/blog/2015-11-06/java-mixed-mode-flame-graphs.html}},
	note = {Accessed: 2017-03-13}
}

@MISC{MoreJVMOnceProccess,
	title = {{The Invocation API}},
	howpublished = {\url{http://docs.oracle.com/javase/7/docs/technotes/guides/jni/spec/invocation.html}},
	note = {Accessed: 2017-03-21}
}

@misc{POSIX, title={POSIX® 1003.1 Frequently Asked Questions (FAQ Version 1.15)}, url={http://www.opengroup.org/austin/papers/posix_faq.html}, journal={POSIX® 1003.1 Frequently Asked Questions (FAQ Version 1.15)}, publisher={The Open Group}, author={Andrew Josey}, year={2015}, month={Jun}}

